@misc{code:2023,
  author = "Grube, Boris",
  title = "{Moments}",
  year = "2023",
  howpublished = "{GitHub repository}",
  url = "https://github.com/bgrube/Moments",
}

@article{Chung:1997qd,
  author = "Chung, S. U.",
  title = "{Techniques of amplitude analysis for two-pseudoscalar systems}",
  reportNumber = "BNL-QGS-97-041",
  doi = "10.1103/PhysRevD.56.7299",
  journal = "Phys.\ Rev.\ D",
  volume = "56",
  pages = "7299--7316",
  year = "1997",
}

@misc{wikipedia:accocLegendrePol,
  author = "{Wikipedia contributors}",
  title = "{Associated Legendre polynomials} --- {Wikipedia, The Free Encyclopedia}",
  year = "2022",
  url = "https://en.wikipedia.org/wiki/Associated_Legendre_polynomials",
  note = "[Online; accessed 5-June-2023]"
}

@misc{wikipedia:sphericalHarm,
  author = "{Wikipedia contributors}",
  title = "{Spherical harmonics} --- {Wikipedia, The Free Encyclopedia}",
  year = "2023",
  url = "https://en.wikipedia.org/wiki/Spherical_harmonics",
  note = "[Online; accessed 1-May-2023]",
}

@misc{wikipedia:wignerD,
  author = "{Wikipedia contributors}",
  title = "{Wigner $D$-matrix} --- {Wikipedia, The Free Encyclopedia}",
  year = "2023",
  url = "https://en.wikipedia.org/wiki/Wigner_D-matrix",
  note = "[Online; accessed 1-May-2023]",
}

@misc{wikipedia:MonteCarloIntegration,
  author = "{Wikipedia contributors}",
  title = "{Monte Carlo integration} --- {Wikipedia, The Free Encyclopedia}",
  year = "2023",
  url = "https://en.wikipedia.org/wiki/Monte_Carlo_integration",
  note = "[Online; accessed 1-May-2023]",
}

@misc{wikipedia:CovarianceAlgorithm,
  author = "{Wikipedia contributors}",
  title = "{Algorithms for calculating variance} --- {Wikipedia, The Free Encyclopedia}",
  year = "2023",
  url = "https://en.wikipedia.org/wiki/Algorithms_for_calculating_variance#Covariance",
  note = "[Online; accessed 15-June-2023]",
}

@misc{wikipedia:WeightedArithmeticMean,
  author = "{Wikipedia contributors}",
  title = "{Weighted arithmetic mean} --- {Wikipedia, The Free Encyclopedia}",
  year = "2023",
  url = "https://en.wikipedia.org/wiki/Weighted_arithmetic_mean#Frequency_weights_2",
  note = "[Online; accessed 6-October-2023]",
}

@misc{wikipedia:MatrixCalculus,
  author = "{Wikipedia contributors}",
  title = "{Matrix calculus} --- {Wikipedia, The Free Encyclopedia}",
  year = "2023",
  url = "https://en.wikipedia.org/wiki/Matrix_calculus#Vector-by-vector_identities",
  note = "[Online; accessed 15-June-2023]",
}

@misc{Sourya:2019,
  author = {Dey, Sourya},
  year = {2019},
  title = {Matrix Calculus},
  url = "https://dx.doi.org/10.13140/RG.2.2.27251.78888",
  doi = {10.13140/RG.2.2.27251.78888},
}

@book{maxtrixcookbook:2012,
  author = {Petersen, Kaare Brandt and Pedersen, Michael Syskind},
  title = {The Matrix Cookbook},
  url = {https://www.math.uwaterloo.ca/~hwolkowi//matrixcookbook.pdf},
  year = 2012,
}

@incollection{Laue:2018,
  title = {Computing Higher Order Derivatives of Matrix and Tensor Expressions},
  author = {Laue, S\"{o}ren and Mitterreiter, Matthias and Giesen, Joachim},
  booktitle = {Advances in Neural Information Processing Systems (NeurIPS)},
  year = {2018},
  url = "https://www.matrixcalculus.org/matrixcalculus.pdf",
}

@incollection{Laue:2020,
  title = {A Simple and Efficient Tensor Calculus},
  author = {Laue, S\"{o}ren and Mitterreiter, Matthias and Giesen, Joachim},
  booktitle = {{AAAI} Conference on Artificial Intelligence, (AAAI)},
  year = {2020},
  url = "https://www.matrixcalculus.org/tensorcalculus.pdf",
}

@misc{matrixcalculus,
  author = {Laue, S\"{o}ren and Mitterreiter, Matthias and Giesen, Joachim and Muelle, Jens K.},
  title = "{MatrixCalculus}",
  year = "2023",
  url = "https://www.matrixcalculus.org/",
  note = "[Online; accessed 15-October-2023]",
}

@misc{MathWorld:LaplaceSeries,
  author = "Weisstein, Eric W.",
  title = "{Laplace Series}",
  year = "2023",
  howpublished = "{MathWorld--A Wolfram Web Resource}",
  url = "https://mathworld.wolfram.com/LaplaceSeries.html",
  note = "[Online; accessed 1-June-2023]",
}

@misc{Jones:2023,
  author = "Jones, Richard T.",
  title = "{Support vector moments of acceptance-corrected angular distributions from multi-particle experimental data}",
  year = "2023",
  howpublished = "{GlueX-doc 6084}",
  url = "https://halldweb.jlab.org/doc-public/DocDB/ShowDocument?docid=6084",
}

@misc{JonesCode:2023,
  author = "Jones, Richard T.",
  title = "{\texttt{gluex\_moments\_analysis}}",
  year = "2023",
  howpublished = "{GitHub repository}",
  url = "https://github.com/rjones30/gluex_moments_analysis",
}

@book{Varshalovich:1988krb,
  author = "Varshalovich, D. A. and Moskalev, A. N. and Khersonskii, V. K.",
  title = "{Quantum Theory Of Angular Momentum}",
  doi = "10.1142/0270",
  isbn = "978-981-4415-49-1, 978-9971-5-0107-5",
  publisher = "World Scientific Publishing Company",
  year = "1988",
}

@misc{Chung:1971ri,
  Author = "Suh-Urk Chung",
  Note = {{updated version of CERN-71-08}},
  Series = {{BNL-76975-2006-IR}},
  Title = {{Spin Formalisms --- Updated Version III}},
  Url = {https://cds.cern.ch/record/1561144},
  Year = {2013},
}

@article{Chung:1974fq,
  Author = {S. U. Chung and T. L. Trueman},
  Doi = {10.1103/PhysRevD.11.633},
  Journal = {Phys.\ Rev.\ D},
  Pages = {633},
  Reportnumber = {BNL-19311},
  Slaccitation = {%%CITATION = PHRVA,D11,633;%%},
  Title = {{Positivity conditions on the spin density matrix: A simple parametrization}},
  Volume = {11},
  Year = {1975},
}

@article{E852:1999xev,
  author = "Chung, S. U. and others",
  collaboration = "E852",
  title = "{Evidence for exotic $J^{PC} = 1^{-+}$ meson production in the reaction $\pi^- p \to \eta \pi^- p$ at 18~GeV/$c$}",
  eprint = "hep-ex/9902003",
  archivePrefix = "arXiv",
  doi = "10.1103/PhysRevD.60.092001",
  journal = "Phys.\ Rev.\ D",
  volume = "60",
  pages = "092001",
  year = "1999",
}

@article{Hall:2004,
  author = "Hall, B. D.",
  title = "{On the propagation of uncertainty in complex-valued quantities}",
  doi = "10.1088/0026-1394/41/3/010",
  journal = "Metrologia",
  volume = "41",
  pages = "173",
  year = "2004",
}

@misc{wikipedia:WirtingerCalculus,
  author = "{Wikipedia contributors}",
  title = "{Wirtinger derivatives} --- {Wikipedia, The Free Encyclopedia}",
  year = "2023",
  url = "https://en.wikipedia.org/wiki/Wirtinger_derivatives",
  note = "[Online; accessed 15-June-2023]",
}

@article{Wirtinger:1927,
  author = {Wirtinger, W.},
  title = "{Zur formalen Theorie der Funktionen von mehr komplexen Ver{\"a}nderlichen}",
  doi = {10.1007/BF01447872},
  journal = {Math.\ Ann.},
  volume = {97},
  pages = {357--375},
  year = {1927},
}

@article{Kreutz-Delgado:2009,
  author = {Ken Kreutz-Delgado},
  title = "{The Complex Gradient Operator and the $\mathbb{C}\mathbb{R}$-Calculus}",
  doi = {10.48550/arXiv.0906.4835},
  year = {2009},
  eprint = {0906.4835},
  archivePrefix = {arXiv},
  primaryClass = {math.OC},
}

@article{Adali:2014,
  author={Adalı, Tülay and Schreier, Peter J.},
  title="{Optimization and Estimation of Complex-Valued Signals: Theory and applications in filtering and blind source separation}",
  journal={IEEE Signal Process.\ Mag.},
  year={2014},
  volume={31},
  number={5},
  pages={112--128},
  doi={10.1109/MSP.2013.2287951},
}

@misc{Grube:2023,
  author = "Grube, Boris",
  title = "{Uncertainty propagation for functions of complex random variables}",
  year = "2023",
  howpublished = "{GlueX Note 6125}",
  url = "https://halldweb.jlab.org/doc-public/DocDB/ShowDocument?docid=6125",
}

@article{Mathieu:2019fts,
  author         = "Mathieu, V. and Albaladejo, M. and Fern\'andez-Ram\'irez,
                    C. and Jackura, A. W. and Mikhasenko, M. and Pilloni, A.
                    and Szczepaniak, A. P.",
  title          = "{Moments of angular distribution and beam asymmetries in
                    $\eta\pi^0$ photoproduction at GlueX}",
  collaboration  = "JPAC",
  journal        = "Phys.\ Rev.\ D",
  volume         = "100",
  year           = "2019",
  pages          = "054017",
  doi            = "10.1103/PhysRevD.100.054017",
  eprint         = "1906.04841",
  archivePrefix  = "arXiv",
  primaryClass   = "hep-ph",
  reportNumber   = "JLAB-THY-19-2958",
  SLACcitation   = "%%CITATION = ARXIV:1906.04841;%%",
}

@article{Mathieu:2019gxo,
  author = "Mathieu, Vincent",
  title = "{Moments of Angular Distribution in Two Mesons Photoproduction}",
  eprint = "1909.09473",
  archivePrefix = "arXiv",
  primaryClass = "hep-ph",
  doi = "10.1063/5.0008590",
  journal = "AIP Conf.\ Proc.",
  volume = "2249",
  pages = "030020",
  year = "2020",
}

@article{Schilling:1969um,
  author = "Schilling, K. and Seyboth, P. and Wolf, Guenter E.",
  title = "{On the analysis of vector-meson production by polarized photons}",
  doi = "10.1016/0550-3213(70)90070-2",
  journal = "Nucl.\ Phys.\ B",
  volume = "15",
  pages = "397--412",
  year = "1970",
  note = "[Erratum: \href{https://doi.org/10.1016/0550-3213(70)90295-6}{\textit{Nucl.\ Phys.\ B} \textbf{18} (1970) 332}]",
}

@misc{Salgado:2020,
  author = "Salgado, Carlos",
  title = "{Comparing Formalisms for the Analysis of Two-pseudoscalar Mesons Produced by Linearly Polarized Photons}",
  year = "2020",
  howpublished = "{GlueX Note 4599}",
  url = "https://halldweb.jlab.org/doc-public/DocDB/ShowDocument?docid=4599",
}

@article{OmegaPhoton:1983vde,
  author = "Atkinson, M. and others",
  collaboration = "Omega Photon",
  title = "{A spin-parity analysis of the $\omega \pi^0$ enhancement photoproduced in the energy range 20 to 70~GeV}",
  reportNumber = "CERN-EP/83-185",
  doi = "10.1016/0550-3213(84)90382-1",
  journal = "Nucl.\ Phys.\ B",
  volume = "243",
  pages = "1--28",
  year = "1984",
}

@article{Grayer:1974cr,
  author = "Grayer, G. and others",
  title = "{High statistics study of the reaction $\pi^- p \to \pi^- \pi^+ n$: Apparatus, method of analysis, and general features of results at 17~GeV/$c$}",
  reportNumber = "Print-74-0701 (CERN)",
  doi = "10.1016/0550-3213(74)90545-8",
  journal = "Nucl.\ Phys.\ B",
  volume = "75",
  pages = "189--245",
  year = "1974",
}

@article{GlueX:2023fcq,
    author = "Adhikari, S. and others",
    collaboration = "GlueX",
    title = "{Measurement of spin-density matrix elements in $\rho(770)$ production with a linearly polarized photon beam at $E_\gamma = 8.2\textendash{}8.8\,\text{GeV}$}",
    eprint = "2305.09047",
    archivePrefix = "arXiv",
    primaryClass = "nucl-ex",
    reportNumber = "JLAB-PHY-23-3838",
    doi = "10.1103/PhysRevC.108.055204",
    journal = "Phys.\ Rev.\ C",
    volume = "108",
    pages = "055204",
    year = "2023",
}

@misc{wikipedia:lawOfTotalCovariance,
  author = "{Wikipedia contributors}",
  title = "{Law of total covariance} --- {Wikipedia, The Free Encyclopedia}",
  year = "2025",
  url = "https://en.wikipedia.org/wiki/Law_of_total_covariance",
  note = "[Online; accessed 14-August-2025]"
}
